<?xml version="1.0" encoding="UTF-8"?><collection xmlns="http://www.loc.gov/MARC21/slim"><record><leader>00490nam--2200181-i-4500</leader><controlfield tag="001">000040688</controlfield><controlfield tag="002">20161230</controlfield><controlfield tag="005">20161230201042</controlfield><controlfield tag="008">060222s1000------------r-----000-0-eng-d</controlfield><datafield ind1=" " ind2=" " tag="040"><subfield code="a">IFIN-HH</subfield></datafield><datafield ind1=" " ind2=" " tag="080"><subfield code="a">537.312.62</subfield></datafield><datafield ind1="1" ind2=" " tag="100"><subfield code="a">Schrieffer,J.R</subfield></datafield><datafield ind1="1" ind2="0" tag="245"><subfield code="a">Theory of superconductivity</subfield><subfield code="c">J.r. schrieffer</subfield></datafield><datafield ind1=" " ind2=" " tag="260"><subfield code="a">New York</subfield><subfield code="b">W.A.Benjamin, Inc., Publishers</subfield><subfield code="c">1964</subfield></datafield><datafield ind1=" " ind2=" " tag="300"><subfield code="a">XIII + 282 P</subfield></datafield><datafield ind1=" " ind2=" " tag="490"><subfield code="a">Frontiers In Physics</subfield></datafield><datafield ind1=" " ind2=" " tag="852"><subfield code="a">30168</subfield><subfield code="c">537:538</subfield></datafield><datafield ind1=" " ind2=" " tag="CAT"><subfield code="a">Sys</subfield><subfield code="c">20110616</subfield><subfield code="h">102645</subfield></datafield></record></collection>